<record xmlns="http://www.loc.gov/MARC21/slim" xmlns:xsi="http://www.w3.org/2001/XMLSchema-instance" xsi:schemaLocation="http://www.loc.gov/MARC21/slim http://www.loc.gov/standards/marcxml/schema/MARC21slim.xsd"><leader>     nam a22        4500</leader><controlfield tag="001">3071395</controlfield><controlfield tag="003">NNC</controlfield><controlfield tag="006">m        d        </controlfield><controlfield tag="007">cr cn |||m|||a</controlfield><controlfield tag="008">150601s1945    xx      o     000 0 ara d</controlfield><datafield ind1=" " ind2=" " tag="040"><subfield code="a">NNU</subfield><subfield code="b">eng</subfield><subfield code="c">NNU</subfield></datafield><datafield ind1="1" ind2=" " tag="100"><subfield code="6">880-01</subfield><subfield code="a">Nawfal, al-Sayyid Muh&#803;ammad &#699;Ali&#772;.</subfield></datafield><datafield ind1="1" ind2="0" tag="245"><subfield code="6">880-02</subfield><subfield code="a">Shi&#699;r al-t&#803;abi&#772;&#699;ah fi&#772; al-adab al-&#699;Arabi&#772;</subfield><subfield code="h">[electronic resource] /</subfield><subfield code="c">Sayyid Nawfal.</subfield></datafield><datafield ind1=" " ind2=" " tag="260"><subfield code="6">880-03</subfield><subfield code="a">al-Qa&#772;hirah :</subfield><subfield code="b">Mat&#803;ba&#699;at Mis&#803;r,</subfield><subfield code="c">1945.</subfield></datafield><datafield ind1=" " ind2=" " tag="300"><subfield code="a">online resource (11, 320 p.)</subfield></datafield><datafield ind1=" " ind2=" " tag="500"><subfield code="a">Part of the Arabic Collections Online (ACO) project, contributed by Columbia University Libraries.</subfield></datafield><datafield ind1=" " ind2=" " tag="504"><subfield code="a">Bibliographical footnotes.</subfield></datafield><datafield ind1=" " ind2=" " tag="533"><subfield code="a">Electronic reproduction.</subfield><subfield code="b">New York, N.Y. :</subfield><subfield code="c">New York University,</subfield><subfield code="d">2015.</subfield><subfield code="5">NNU</subfield></datafield><datafield ind1=" " ind2="0" tag="650"><subfield code="a">Arabic poetry</subfield><subfield code="x">History and criticism.</subfield></datafield><datafield ind1=" " ind2="0" tag="650"><subfield code="a">Nature in literature.</subfield></datafield><datafield ind1=" " ind2="7" tag="650"><subfield code="a">Arabic poetry.</subfield><subfield code="2">fast</subfield><subfield code="0">(OCoLC)fst00812533</subfield></datafield><datafield ind1=" " ind2="7" tag="650"><subfield code="a">Nature in literature.</subfield><subfield code="2">fast</subfield><subfield code="0">(OCoLC)fst01034680</subfield></datafield><datafield ind1=" " ind2="7" tag="655"><subfield code="a">Criticism, interpretation, etc.</subfield><subfield code="2">fast</subfield><subfield code="0">(OCoLC)fst01411635</subfield></datafield><datafield ind1="2" ind2=" " tag="710"><subfield code="a">Columbia University.</subfield><subfield code="b">Libraries.</subfield></datafield><datafield ind1="0" ind2=" " tag="730"><subfield code="a">Arabic Collections Online.</subfield></datafield><datafield ind1="0" ind2="8" tag="776"><subfield code="i">Print version:</subfield><subfield code="a">Nawfal, al-Sayyid Muh&#803;ammad &#699;Ali&#772;.</subfield><subfield code="t">Shi&#699;r al-t&#803;abi&#772;&#699;ah fi&#772; al-adab al-&#699;Arabi&#772;</subfield><subfield code="w">(NNC)3071395</subfield><subfield code="w">(OCoLC)504979931</subfield></datafield><datafield ind1="4" ind2="0" tag="856"><subfield code="u">http://hdl.handle.net/2333.1/hmgqnnqc</subfield></datafield><datafield ind1="1" ind2=" " tag="880"><subfield code="6">100-01/r</subfield><subfield code="a">&#1606;&#1608;&#1601;&#1604;&#1548; &#1575;&#1604;&#1587;&#1610;&#1583; &#1605;&#1581;&#1605;&#1583; &#1593;&#1604;&#1610;.</subfield></datafield><datafield ind1="1" ind2="0" tag="880"><subfield code="6">245-02/r</subfield><subfield code="a">&#1588;&#1593;&#1585; &#1575;&#1604;&#1591;&#1576;&#1610;&#1593;&#1577; &#1601;&#1610; &#1575;&#1604;&#1575;&#1583;&#1576; &#1575;&#1604;&#1593;&#1585;&#1576;&#1610; /</subfield><subfield code="c">&#1587;&#1610;&#1583; &#1606;&#1608;&#1601;&#1604;.</subfield></datafield><datafield ind1=" " ind2=" " tag="880"><subfield code="6">260-03/r</subfield><subfield code="a">&#1575;&#1604;&#1602;&#1575;&#1607;&#1585;&#1577; :</subfield><subfield code="b">&#1605;&#1591;&#1576;&#1593;&#1577; &#1605;&#1589;&#1585;&#1548;</subfield><subfield code="c">1945.</subfield></datafield><datafield ind1=" " ind2=" " tag="959"><subfield code="a">NNU</subfield><subfield code="b">WEB</subfield><subfield code="c">GENI</subfield><subfield code="t">0</subfield><subfield code="m">Electronic access</subfield><subfield code="s">01</subfield></datafield><datafield ind1=" " ind2=" " tag="999"><subfield code="i">NNC_3071395</subfield><subfield code="o">(OCoLC)ocn504979931</subfield><subfield code="s">columbia_aco000403</subfield><subfield code="e">(ERROR-880)</subfield><subfield code="s">columbia_aco000403</subfield></datafield></record>